<?xml version="1.0" encoding="UTF-8"?>
<collection xmlns:xsi="http://www.w3.org/2001/XMLSchema-instance" xsi:schemaLocation="http://www.loc.gov/MARC21/slim http://www.loc.gov/standards/marcxml/schema/MARC21slim.xsd" xmlns="http://www.loc.gov/MARC21/slim">
<record>
  <leader>00649cam a2200193 u 4500</leader>
  <controlfield tag="001">648853</controlfield>
  <controlfield tag="003">NNC</controlfield>
  <controlfield tag="005">20151019143708.0</controlfield>
  <controlfield tag="008">880513s1930    sj ||||||||| |||| ||ara |</controlfield>
  <datafield tag="035" ind1=" " ind2=" ">
    <subfield code="a">(OCoLC)64137344</subfield>
  </datafield>
  <datafield tag="035" ind1=" " ind2=" ">
    <subfield code="a">(OCoLC)ocm64137344</subfield>
  </datafield>
  <datafield tag="035" ind1=" " ind2=" ">
    <subfield code="a">(CStRLIN)NYCG88-B34382</subfield>
  </datafield>
  <datafield tag="035" ind1=" " ind2=" ">
    <subfield code="9">ACV5994CU</subfield>
  </datafield>
  <datafield tag="035" ind1=" " ind2=" ">
    <subfield code="a">(NNC)648853</subfield>
  </datafield>
  <datafield tag="100" ind1="1" ind2=" ">
    <subfield code="a">Faḍlī, Muḥammad Widd Ḍayf Allah ibn Muḥammad al-Jaʻlī.</subfield>
  </datafield>
  <datafield tag="240" ind1="1" ind2="0">
    <subfield code="a">Ṭabaqāt</subfield>
  </datafield>
  <datafield tag="245" ind1="1" ind2="0">
    <subfield code="a">Kitāb ṭabaqāt Widd Ḍayf Allah fī awliyāʾ wa-ṣāliḥīn wa-ʻulamāʾ wa-shuʻarāʾ al-Sūdān.</subfield>
  </datafield>
  <datafield tag="260" ind1=" " ind2=" ">
    <subfield code="a">al-Kharṭūm :</subfield>
    <subfield code="b">Sulaymān Dāwūd Mandīl,</subfield>
    <subfield code="c">1930.</subfield>
  </datafield>
  <datafield tag="300" ind1=" " ind2=" ">
    <subfield code="a">172 p.</subfield>
  </datafield>
  <datafield tag="955" ind1=" " ind2=" ">
    <subfield code="b">CU10657649</subfield>
    <subfield code="d">off,glx</subfield>
    <subfield code="e">ME06686</subfield>
  </datafield>
</record>
</collection>